2716 4608
168 129 217 214 lli
318 149 321 154 '
519 126 577 205 Cl.
606 129 669 208 vl.
719 128 956 231 Hexbnrlria.
996 60 1000 80 Ι

217 319 310 424 llora
326 316 547 418 subgloho‘sa
562 317 739 416 spatham
751 318 948 396 bivalvam
963 333 1176 422 superante,
1202 334 1284 400 sta·

218 451 387 530 minibus
411 449 654 552 simplicibus
678 453 804 550 petala
832 467 944 532 acuta
969 453 1247 554 superantibus.

252 595 296 662 Α.
320 617 485 663 szursum.
519 595 642 661 Ledeb.
658 597 703 662 lo.
723 595 774 683 pl.
790 595 838 660 ΕΙ.
854 619 934 678 ross.
958 603 1015 664 olt.
1033 603 1152 664 illustr.
1167 595 1286 692 13136.

166 735 258 802 Hab.¹
272 734 308 798 in
328 740 431 796 mont.
455 727 498 817 ad
516 727 550 794 fl.
572 728 782 807 Kurtscbuml
802 733 883 795 circa
909 732 1103 813 fortalicium
1122 731 1287 798 Buchtar-

209 848 321 915 minsk
342 858 376 911 et
397 845 507 910 ruinas
529 845 678 912 Ablaikit
700 845 794 935 (Μ).
826 847 873 912 Fl.
888 846 989 930 lllajo,
1012 846 1122 914 Junlo.
1145 853 1192 934 lt.

251 985 412 1052 Bulbus
432 982 608 1066 solitarius,
629 985 856 1068 subglobosus,
877 985 993 1051 tunicis
1002 981 1124 1064 'albidis
1138 983 1194 1050 rel
1206 979 1287 1047 vio-‘-

166 1104 263 1175 larris
291 1081 470 1168 involutos.
526 1098 670 1165 Caulis
701 1097 826 1187 pedalis
856 1103 911 1166 vel
939 1097 1116 1189 bipedalis,
1146 1108 1286 1179 erectus,

167 1222 314 1302 strictus,
342 1218 469 1284 inlesus
489 1201 680 1304 plerumque
707 1217 795 1281 soliis
815 1215 917 1280 tribus
938 1227 1091 1298 ornatus,
1117 1225 1286 1281 caeterum

167 1337 339 1425 aphyllus,
370 1345 473 1426 teres,
503 1303 617 1420 pruina
646 1333 758 1416 glauca
785 1329 952 1398 obductus.
1003 1331 1130 1398 Folia
1158 1349 1283 1417 sparsa,

166 1456 225 1520 vix
245 1451 287 1518 ad
307 1449 451 1516 medium
479 1448 578 1512 caulis
606 1459 767 1535 porrecta,
801 1459 893 1513 acute
923 1447 1150 1530 triangularis:
1178 1449 1300 1513 latere·

165 1569 318 1640 interiori
341 1565 554 1632 exterioribus
582 1585 697 1653 parum
725 1565 842 1630 latiore
869 1564 926 1644 (in
952 1566 1064 1652 planta
1091 1564 1177 1628 culta
1201 1560 1286 1626 folia

167 1683 305 1752 subinde
325 1683 442 1747 latiora
463 1679 622 1762 eradunt,
651 1679 757 1744 carina
785 1690 896 1744 tamen
924 1701 1053 1768 semper
1080 1677 1177 1745 valde
1205 1698 1303 1774 pro-1

166 1802 355 1880 minente),
373 1809 474 1879 acuta,
497 1797 620 1880 glabra.
662 1795 860 1878 vaginae
881 1795 1068 1862 inferiorem
1089 1793 1188 1859 caulis
1208 1814 1288 1881 par·

166 1931 236 1983 tem
257 1917 463 1998 obtegentes,
493 1913 644 1978 striatas:
673 1913 761 1977 striis
790 1911 1048 2002 prominentibus
1070 1911 1283 1998 exasperatis.

167 2034 325 2123 spatha
346 2031 500 2098 biralris:
521 2034 659 2095 valvulis
678 2027 944 2109 membranaceis,
966 2025 1146 2114 diophanis‚
1167 2038 1287 2093 ovato-

168 2147 368 2228 orbiculetis,
392 2145 481 2232 spico
503 2142 658 2231 producto
681 2146 811 2228 obtuso,
832 2144 1287 2224 marcescentibue‚‚umbella

168 2269 274 2333 multo
313 2261 526 2329 brevioribus.
585 2257 782 2324 Umbella
819 2261 1012 2341 multifluas,
1049 2259 1286 2342 subfastigiate.

73 2379 79 2396 '
167 2379 405 2450 Peduncoli
427 2377 535 2440 6-9
556 2376 660 2439 lineas
683 2375 791 2457 longi,
820 2378 880 2439 sub
902 2377 1030 2442 anthaei
1050 2375 1168 2459 erecti3
1194 2375 1287 2439 inle-

167 2500 269 2564 riores
306 2494 439 2560 demum
468 2489 606 2572 deflexi,
635 2491 682 2554 ita
711 2501 749 2555 ut
777 2493 918 2556 umbella
940 2493 1133 2575 subglobosa
1154 2489 1285 2557 evadat.

94 2607 98 2618 “
168 2611 367 2680 Rudimenta
388 2602 569 2696 spathacea,
591 2619 698 2687 ovata,
720 2607 901 2672 acuminata
922 2609 1008 2673 inter
1028 2629 1142 2674 omnes
1155 2605 1286 2696 pedun-
1320 2623 1323 2625 ·

23 2705 28 2716 ’
118 2743 122 2750 ’
169 2731 270 2795 culos.
315 2723 488 2790 Corolla
509 2743 634 2804 azurea,
658 2733 730 2809 post
751 2723 902 2789 autbesin
924 2724 1079 2795 violacea.
1124 2724 1286 2790 l’stalo

58 2869 63 2880 ’
168 2844 446 2923 orato-oblonga,
468 2851 572 2921 acute,
596 2821 750 2928 patentia,
772 2839 986 2926 persistentia.
1036 2839 1284 2913 Filamenta

168 2957 339 3048 simplicia,
361 2959 519 3038 tabulata,
541 2976 668 3038 azuree,
689 2957 806 3044 petalis
826 2957 991 3040 longiora3
1022 2956 1147 3028 alterna
1168 2976 1290 3045 parum.
1331 2945 1334 2953 “

170 3075 365 3160 angustiora.
409 3073 622 3138 Antherae
643 3071 864 3154 aeruginosae.
910 3069 1083 3138 German
1105 3074 1282 3156 trigonum,

159 3214 346 3271 azuroum,
371 3166 447 3253 'basi
474 3189 600 3275 punctis
627 3189 727 3252 tribus
757 3187 919 3252 excavatis
941 3187 1099 3253 viridibus
1122 3202 1283 3256 notatum.

170 3309 318 3392 stylus
348 3305 526 3384 violaceus,
556 3306 733 3367 subulatuS.
777 3305 945 3386 Stignia
973 3303 1124 3391 simplex.
1170 3303 1284 3395 Gap-

139 3407 141 3410 ·
170 3427 268 3490 sule
297 3419 528 3502 triangulares
552 3420 667 3506 petalis
694 3419 940 3508 persistentibus
961 3420 1207 3486 conniventibus
1227 3423 1285 3487 in-

171 3541 280 3607 voluta
307 3517 414 3625 iisque
431 3536 559 3602 brevior
566 3579 577 3614 ,
608 3537 818 3603 trilooularis:
849 3517 958 3605 loculis
978 3533 1158 3626 dispsrmis.
1204 3528 1285 3612 Ss-

169 3656 281 3722 mina
301 3650 519 3736 triangularis.

184 3855 187 3862 .
253 3769 341 3834 Haec
362 3773 484 3857 species
505 3773 614 3836 forsan
635 3765 750 3836 eatam
768 3779 826 3851 est,
851 3789 948 3857 quam
968 3770 1016 3836 ill.
1038 3769 1151 3838 Pallas
1169 3772 1280 3856 (ult.

166 3911 202 3973 p.
213 3883 290 3952 737.
311 3887 376 3952 No.
387 3885 464 3953 107.
487 3901 509 3954 t.
531 3887 593 3966 R.)
614 3908 635 3950 a
656 3909 692 3952 se
712 3888 930 3982 „inplanitie
951 3889 1149 3971 salsuginosa
1162 3887 1213 3954 ‘ad
1228 3887 1283 3955 Ir-

43 3990 45 4012 '
168 4003 219 4068 tin
242 4003 454 4086 interritum
476 4004 656 4072 lieresolka
676 4015 710 4070 et
732 3989 1064 4092 Septempalatiouuu
1087 4003 1205 4072 rudera
1224 4012 1291 4072 co·‘

168 4117 370 4210 piosieeipre,
390 4139 506 4208 ,neque
528 4131 642 4208 postea
669 4121 773 4187 allbi²’
799 4119 967 4188 invemam
987 4125 1048 4189 'sub
1074 4121 1211 4190 nomine
1229 4120 1278 4188 A.
1337 4191 1342 4196 ,
