2764 4636
206 133 283 219 aet
458 233 460 238 ,
512 83 580 214 ὀι
607 139 708 244 xiv.
761 139 1090 242 rueynsmia„¹

193 375 202 384 .
252 343 254 350 ·
288 321 332 393 D.
354 321 536 412 pinnatum.
580 326 677 392 Lina.
704 325 814 394 Willd.
836 329 927 414 Speo.
948 336 994 414 pl.
1022 333 1084 397 tlt.
1110 357 1150 418 p.
1172 335 1247 403 150.
1272 375 1314 388 -

332 439 465 526 Spretrg.
488 441 580 523 Syrte
597 462 667 522 vag.
689 441 735 504 ll.
760 468 794 530 p.
818 443 892 510 693.
914 445 980 508 Νο.
1003 441 1056 510 14.
1079 477 1123 491 -
1154 450 1238 516 Poll.
1263 453 1313 516 Εἰ.

332 575 412 620 rose.
422 555 483 618 111.
507 567 529 618 t.
542 553 610 620 XI.
631 564 697 620 siue
717 560 940 642 descriptione.
962 589 1006 604 ·-
1027 533 1151 628 servm
1170 571 1205 629 in
1226 567 1313 632 Poll.

305 689 307 702 '
331 693 364 734 n.
393 673 486 752 nord.
513 669 623 753 Beytr.
654 669 694 732 V
689 669 735 735 ll.
764 705 808 718 -
850 674 1059 739 Hiltebrandt
1088 665 1169 744 L'o.
1196 706 1233 766 p.
1259 679 1311 746 43.

327 785 390 848 No.
403 781 456 850 10.
481 817 524 832 -
544 787 663 849 Ledeb.
680 787 725 848 Ie.
746 787 853 872 pLFl.
878 812 957 854 ross.
982 796 1038 854 alt.
1062 797 1178 860 illustr.
1202 809 1225 860 t.
1235 795 1314 864 445.Ι

291 897 564 986 Draoocephalum
592 897 730 966 floribus
751 923 794 966 ex
817 905 1195 994 verticillato-spicatis,
1225 913 1313 976 foliis

333 1012 469 1120 cordatis
503 1015 631 1080 sinuato
644 1003 880 1104 -pinnatifidis
945 1019 1047 1088 Gmet.
1072 1023 1125 1090 ΕΙ.
1159 1027 1218 1091 sit.
1245 1027 1312 1094 Ill.

327 1153 363 1218 p.
385 1129 461 1196 235.
485 1129 585 1220 (rocol.
608 1137 755 1218 descript.
778 1147 809 1198 et
829 1155 943 1218 synam
963 1135 1102 1221 Stellati)
1124 1151 1148 1203 t.
1164 1139 1261 1228 Lll„

110 1254 115 1276 ²
205 1249 289 1316 Hab.
307 1247 344 1312 in
371 1245 527 1334 lapidosis
556 1247 677 1332 asperis
708 1246 823 1334 alpinis
845 1247 886 1314 ad
906 1227 940 1315 fl.
965 1249 1121 1333 Tschuja,
1150 1256 1255 1320 rarius
1276 1255 1311 1318 in

129 1407 132 1412 -
247 1374 353 1439 morta
374 1360 565 1444 Tarbagatei
592 1359 714 1426 deserti
747 1365 1103 1462 soongoro7ltirghisici
1132 1369 1310 1455 (Sieuers).

247 1479 296 1546 la
320 1477 397 1544 Jun.
419 1476 484 1541 Jul.
511 1477 579 1558 (Β.)
601 1479 651 1554 b.

290 1593 359 1666 Gal.
386 1592 511 1658 Gmelin
534 1590 613 1655 duas
643 1603 719 1657 ante
748 1597 857 1660 oculos
879 1595 1032 1662 habuisse
1052 1598 1184 1686 species·
1208 1619 1252 1662 ex
1273 1620 1311 1672 eo

87 1722 93 1733 ’
204 1723 317 1806 patet,
338 1708 425 1796 quod
447 1705 486 1770 ad
513 1707 612 1771 finem
635 1705 858 1796 descriptionis
887 1710 994 1776 addit:
1024 1713 1182 1795 „videtur
1203 1725 1311 1777 tamen

205 1830 318 1918 planta
338 1821 379 1887 ad
400 1820 524 1903 Maiam
545 1831 579 1884 et
598 1820 774 1888 Judomam
795 1827 926 1890 collecta
947 1828 982 1891 in
1005 1829 1109 1893 multo
1129 1829 1259 1928 sicciore
1281 1841 1311 1892 at

162 1963 165 1971 ’
205 1943 368 2032 asperiore
395 1937 467 2001 loco
493 1947 570 2001 nata
595 1951 684 2020 esse,
716 1961 813 2027 quam
839 1939 1063 2023 Bajcalensis'’
1085 1949 1105 2008 l.
1128 1967 1156 2008 c.
1174 1967 1211 2030 p.
1233 1943 1309 2010 256.

150 2127 153 2140 ,
204 2059 294 2124 Haec
322 2055 482 2120 delineata
511 2051 576 2118 Dr.
599 2054 815 2140 pinnatum
844 2068 913 2140 est,
943 2059 998 2122 illa
1020 2081 1114 2141 vero,
1143 2056 1309 2146 descripta,
1374 2048 1376 2059 '

151 2143 153 2150 X
204 2173 271 2240 Dr.
295 2165 565 2252 ori'ganoidee
590 2167 699 2235 Willd.
1254 2166 1257 2174 ’

291 2285 436 2353 Gaulos
458 2285 638 2372 caespitosi‚
658 2285 737 2367 laxi,
758 2269 918 2373 prostrati,
940 2285 1105 2374 hispiduli,
1129 2289 1197 2352 basi
1213 2290 1312 2352 tolio-

203 2427 277 2473 rum
298 2397 531 2468 emarcidotum
548 2401 796 2465 convolutorum
817 2401 1009 2466 rudimentis
1030 2405 1150 2469 vestiti.
1193 2403 1312 2469 Folia
1380 2420 1381 2425 ’

153 2515 159 2527 “
202 2521 375 2611 petiolatat
400 2519 519 2600 petiolo
541 2515 667 2596 ciliato,
695 2513 1034 2580 cordato-orbiculata
1060 2521 1116 2582 vel
1135 2530 1247 2600 ovata,
1276 2520 1313 2582 iu
1378 2564 1379 2573 2

99 2669 102 2676 ¹
203 2637 297 2704 lobes
319 2630 427 2699 5-9
448 2629 638 2694 rotundatos
661 2631 1021 2720 crenatofpinnatifida,
1045 2633 1177 2696 sinubus
1198 2636 1311 2715 acutis,

204 2751 355 2838 utrinque
368 2747 583 2836 pubescentia,
605 2743 741 2828 viridia3
762 2747 939 2834 superiora,
962 2767 1045 2833 quae
1057 2747 1220 2813 verticillis
1234 2773 1312 2836 pro-

203 2867 296 2958 piora
316 2871 410 2946 sunt,
430 2861 468 2926 in
487 2861 645 2948 petiolum
667 2863 768 2925 latum
789 2873 971 2944 attenuata,
1001 2863 1223 2945 cuneiiormia,
1254 2867 1311 2932 tri·

141 3021 145 3034 ·
201 2983 288 3050 loba.
332 2977 531 3068 Bracteae
552 2977 888 3058 eborata-cuneatus,
913 2981 1079 3060 coloratae,
1101 2978 1312 3045 inciso-den-

202 3109 308 3164 tatae:
333 3096 477 3162 dentibus
496 3090 622 3175 3-7,
646 3092 1004 3170 satureo-acuminatis,
1029 3095 1155 3158 ciliatis.
1200 3095 1312 3160 Ver·

202 3211 338 3278 ticilli
366 3208 599 3298 appropitnati,
629 3209 664 3270 in
694 3210 815 3294 spicam
845 3211 1031 3273 continuam
1054 3208 1156 3274 1-2
1177 3215 1311 3297 pollica-

149 3343 151 3351 ’
202 3350 273 3392 rem
294 3325 429 3390 densam
450 3321 607 3410 dispositi.
651 3321 812 3406 Galycis
839 3323 916 3388 labii
943 3325 1116 3412 superioris
1138 3324 1217 3390 dens
1239 3349 1312 3389 me-

203 3441 276 3516 dios
299 3439 432 3506 caeteris
453 3440 550 3526 paulo
571 3438 683 3514 latior,
710 3439 837 3526 apicem
859 3460 972 3506 versus
993 3441 1029 3504 in
1050 3419 1238 3506 mucronem
1261 3456 1313 3504 at-

201 3540 356 3622 tenuatus¹
370 3575 429 3620 nec
450 3565 632 3636 truncatus3
655 3556 772 3618 caeteri
793 3553 1103 3620 setaceo-liueares.
1149 3555 1313 3622 Corolla

184 3674 367 3752 coerulea,
398 3671 458 3736 vix
487 3691 507 3737 e
535 3669 671 3739 bracteis
698 3669 902 3758 prominula:
933 3673 1020 3737 tubo·
1040 3672 1312 3755 aalyeoeincluso.

202 3788 350 3871 Stylus
371 3797 529 3852 exsertus.
603 3873 605 3878 Ι
860 3761 867 3777 ’

360 3900 364 3912 ’
384 3899 422 3986 3)
449 3891 744 3970 Duscocrnusnutt
764 3919 959 3966 unnurnnsn.
991 3897 1117 3968 Loccm.

125 4049 126 4053 ¹
201 4015 270 4094 Dr·
297 4015 454 4094 floribus
479 4015 734 4112 verticillatis,
759 4017 931 4092 bracteis
952 4015 1314 4120 oblongo-cuneatie

252 4161 479 4226 mucronato
494 4193 511 4210 -
525 4132 711 4244 dentatis,
752 4147 899 4262 oalyois
932 4149 1076 4230 lacinia
1114 4149 1313 4250 superiore
