2790 4614
175 163 252 252 216
508 157 568 238 Cl.
595 161 678 260 ΧΠ.
731 161 960 241 lcosandcia.

120 391 123 400 ·
258 348 372 419 Planta
391 347 628 437 polymorpba,
651 348 762 434 plures
782 351 892 416 loreas
915 349 1037 437 specics
1059 350 1288 438 complectens,

135 443 141 458 ’
177 463 274 530 certis
290 465 531 528 characteribus
565 461 760 526 difficillime
794 463 1025 546 sejungendas,
1062 465 1137 550 licet
1163 461 1290 528 formae
1366 495 1369 500 ·

178 579 353 664 nonnullae
375 580 521 644 habitum
540 597 619 666 prae
641 598 677 642 se
697 579 801 642 ierant
817 577 1088 644 diversissimum.
1133 579 1174 643 V
1175 603 1231 643 ur.
1255 603 1290 646 a·
1376 621 1377 626 κ

179 697 267 760 foliis
287 695 439 758 instructa
466 705 515 758 est
545 693 694 780 ellipticis
722 695 778 760 vel
805 695 1068 788 lato-oberatis,
1095 694 1165 758 basi
1193 715 1291 781 saepe
1376 681 1378 714 ³

182 809 324 874 cuneatis
351 820 385 873 et
410 810 445 874 in
473 809 630 895 petiolum
657 795 867 874 manifestum
896 785 1086 891 attenuatis,
1117 811 1150 872 iu
1181 811 1292 894 planta
1377 779 1379 804 i

183 937 359 1013 spontanea
382 922 518 1008 4-43
539 925 641 990 lineae
663 925 758 1006 latis,
781 923 1014 990 8—9·linsas
1035 897 1147 1006 longia,
1170 925 1293 1011 petiolo
1380 941 1381 946 ’

183 1053 250 1106 tres
271 1041 373 1105 bneas
395 1040 516 1121 circiter
537 1041 654 1122 long03
684 1040 719 1104 in
750 1041 861 1128 planta
885 1043 970 1106 culta
999 1041 1102 1105 multo
1124 1039 1236 1102 latiora
1259 1050 1294 1102 et
1380 1097 1382 1106 ,

105 1220 111 1236 Ι
184 1147 311 1222 ratione
331 1152 510 1237 latitudinis
538 1155 703 1236 breviora,
731 1155 924 1244 plerumque
952 1157 1295 1220 acuminato-mucro·
1382 1225 1384 1234 ¹

183 1275 277 1352 natis,
299 1281 424 1360 praeter
444 1273 533 1336 basin
556 1284 725 1344 cuneatum
748 1271 989 1354 integerrimam
1011 1281 1121 1352 argute
1143 1270 1295 1351 serratim

185 1397 342 1451 narratura
364 1385 528 1450 terminali
550 1389 683 1452 caeteris
699 1387 824 1468 majori,
847 1387 1095 1474 pubescentibus
1116 1383 1161 1467 (in
1183 1386 1296 1472 planta

184 1491 363 1589 spontanea
386 1503 498 1567 subtus
519 1503 710 1590 praesertim
740 1501 846 1582 canis,
876 1503 912 1566 in
934 1503 1018 1565 culta
1042 1497 1193 1586 utrinque
1214 1500 1295 1565 viri-
1386 1589 1387 1592 Ἴ

142 1648 147 1655 ·
186 1614 312 1698 dibus),
342 1617 525 1682 trinerriis:
556 1620 666 1685 nervis
689 1615 941 1708 approximatis,
972 1617 1018 1680 ita
1044 1628 1081 1680 ut
1108 1616 1255 1680 laterales
1276 1636 1297 1677 a

170 1731 331 1813 'margine
352 1733 457 1816 magis
479 1753 580 1820 quam
600 1734 684 1798 iuter
706 1755 742 1798 sc
764 1731 894 1796 distant,

270 1845 360 1912 Folia
381 1867 463 1912 aar.
477 1848 513 1932 β.
537 1859 681 1930 cuneata,
704 1850 865 1929 elongata,
886 1844 979 1910 basin
997 1863 1110 1917 uersus
1132 1841 1170 1908 ad
1191 1843 1298 1909 irisan·

189 1959 313 2050 tionem
337 1982 438 2049 usque
459 1962 582 2029 sensim
604 1975 785 2043 attenuata,
809 1971 922 2024 exacte
944 1959 1082 2038 sessilis,
1101 1957 1231 2024 8-10
1254 1962 1300 2026 li·

188 2095 267 2140 neas
286 2077 400 2158 longe,
428 2075 514 2140 inira
536 2077 662 2164 apicem
688 2075 897 2162 rotundatum
919 2073 976 2140 vix
999 2073 1077 2138 duas
1098 2076 1201 2140 lineas
1222 2079 1299 2160 lata,

187 2189 412 2272 integerrime,
448 2189 729 2274 glauco-viridia,
754 2193 929 2280 puberula,
965 2210 1096 2256 venosa.
1142 2188 1302 2273 -Curymbi
1373 2171 1382 2184 ⁹

188 2307 392 2387 terminales,
415 2301 682 2394 hemisphaerici,
705 2307 895 2385 multiflori,
914 2303 1135 2392 pedunculati,
1157 2311 1301 2376 ramulos

190 2441 305 2490 versus
326 2422 409 2484 rami
430 2423 556 2508 apicem
576 2422 698 2486 sensim
721 2419 940 2485 decrescentes
963 2422 1184 2488 terminantes.

278 2535 379 2602 Vae.
402 2559 434 2623 y.
466 2537 544 2600 folia
567 2537 665 2600 habet
685 2537 752 2600 illis
773 2535 898 2622 ranst.
921 2535 1055 2618 similia,
1084 2535 1141 2603 sed
1164 2538 1299 2624 minora,

191 2650 213 2717 d
236 2650 361 2716 circiter
381 2651 483 2716 lineas
504 2653 610 2734 longa,
634 2651 864 2738 sesquilineam
884 2651 949 2714 lata
968 2652 1022 2716 vel
1041 2673 1157 2738 parum
1177 2655 1300 2738 latiora,

115 2745 119 2754 .
192 2765 347 2848 oblonga,
369 2785 483 2832 versus
506 2765 597 2830 basin
619 2777 727 2831 tamen
750 2767 854 2848 magis
875 2777 1057 2848 attenuata,
1079 2771 1300 2860 subpetiolata,

191 2891 248 2944 aut
267 2879 401 2945 omnino
423 2879 646 2963 integerrima,
668 2894 723 2944 sut
744 2884 833 2968 apice
855 2879 1109 2965 bisstridentata,
1139 2897 1301 2954 caeterum

192 2995 415 3080 integerrima,
446 2993 726 3080 glauco-uiridia,
755 2997 926 3084 puberula,
961 3017 1091 3061 venosa.
1134 2997 1303 3070 Umbellas

127 3113 131 3118 ’
191 3111 340 3184 laterales
367 3107 498 3176 sessilee
526 3110 792 3210 3-8-1florae,
821 3113 892 3180 basi
916 3107 1004 3178 soliis
1025 3113 1148 3202 aliquot
1168 3099 1302 3187 minutis

118 3294 124 3298 ,
192 3225 459 3297 circumvallatas.

277 3341 348 3406 Hae
365 3341 538 3406 uarietates
559 3353 627 3408 tam
648 3341 793 3408 diversae
813 3339 980 3419 videntur,
1001 3353 1038 3406 ut
1057 3365 1115 3431 pro
1137 3347 1301 3434 speciebus

191 3457 404 3544 peculiaribus
425 3457 582 3539 haberes,
610 3479 669 3522 nec
697 3460 782 3526 intra
803 3459 923 3526 limites
945 3459 1057 3524 Florae
1078 3462 1211 3527 altaicae
1232 3465 1302 3530 ior-

190 3591 263 3636 mas
289 3569 497 3638 intermedias
526 3573 787 3656 observavimua3
817 3595 836 3638 a
865 3571 981 3638 Roscia
1006 3574 1212 3644 meridionali
1241 3600 1302 3646 au-

190 3669 267 3751 tem*
282 3685 457 3776 specimina
485 3687 578 3774 plura
603 3685 822 3776 possidemus,
851 3709 936 3776 quae
964 3674 1134 3756 bansitum
1164 3695 1206 3758 ab
1234 3717 1302 3760 una

191 3795 237 3868 ed
255 3803 390 3869 alteram
409 3802 538 3868 iaciunt.

324 4045 326 4050 ,
458 3953 498 4057 ’4)
533 3969 678 4035 Sarrum
701 3994 901 4046 ancyranus.
925 3975 1030 4040 ‘Lirem

192 4071 256 4205 bp.
291 4061 496 4201 fruticosa,
534 4109 639 4186 foliis
671 4091 1079 4213 oblongo-lanceolata
1110 4115 1298 4212 spathula·
